@article{RN7004,
   author = {Karamnov, Sergey and Sarkisian, Natalia and Wollborn, Jakob and Justice, Samuel and Fields, Kara and Kovacheva, Vesela P. and Osho, Asishana A. and Sabe, Ashraf and Body, Simon C. and Muehlschlegel, Jochen D.},
   title = {Sex, Atrial Fibrillation, and Long-Term Mortality After Cardiac Surgery},
   journal = {JAMA Network Open},
   volume = {7},
   number = {8},
   pages = {e2426865-e2426865},
   ISSN = {2574-3805},
   DOI = {10.1001/jamanetworkopen.2024.26865},
   url = {https://doi.org/10.1001/jamanetworkopen.2024.26865},
   year = {2024},
   type = {Journal Article}
}

@article{RN5623,
   author = {Altman, D. G. and Bland, J. M.},
   title = {Interaction revisited: the difference between two estimates},
   journal = {BMJ},
   volume = {326},
   number = {7382},
   pages = {219},
   note = {Altman, Douglas G
Bland, J Martin
eng
Review
England
BMJ. 2003 Jan 25;326(7382):219. doi: 10.1136/bmj.326.7382.219.},
   keywords = {Analysis of Variance
Confidence Intervals
*Statistics as Topic},
   ISSN = {1756-1833 (Electronic)
0959-8138 (Linking)},
   DOI = {10.1136/bmj.326.7382.219},
   url = {https://www.ncbi.nlm.nih.gov/pubmed/12543843},
   year = {2003},
   type = {Journal Article}
}

