@article{CLEAR,
   author = {Jolly, S. S. and d'Entremont, M. A. and Lee, S. F. and Mian, R. and Tyrwhitt, J. and Kedev, S. and Montalescot, G. and Cornel, J. H. and Stankovic, G. and Moreno, R. and Storey, R. F. and Henry, T. D. and Mehta, S. R. and Bossard, M. and Kala, P. and Layland, J. and Zafirovska, B. and Devereaux, P. J. and Eikelboom, J. and Cairns, J. A. and Shah, B. and Sheth, T. and Sharma, S. K. and Tarhuni, W. and Conen, D. and Tawadros, S. and Lavi, S. and Yusuf, S. and Investigators, Clear},
   title = {Colchicine in Acute Myocardial Infarction},
   journal = {N Engl J Med},
   volume = {392},
   number = {7},
   pages = {633-642},
   ISSN = {1533-4406 (Electronic)
0028-4793 (Linking)},
   DOI = {10.1056/NEJMoa2405922},
   url = {https://www.ncbi.nlm.nih.gov/pubmed/39555823},
   year = {2025},
   type = {Journal Article}
}

@article{MA,
   author = {d'Entremont, M. A. and Poorthuis, M. H. F. and Fiolet, A. T. L. and Amarenco, P. and Boczar, K. E. and Buysschaert, I. and Chan, N. C. and Cornel, J. H. and Jannink, J. and Jansen, S. and Kedev, S. and Keech, A. C. and Layland, J. and Mewton, N. and Montalescot, G. and Pascual-Figal, D. A. and Rodriguez, A. E. and Shah, B. and Teraa, M. and van Zelm, A. and Wang, Y. and Mosterd, A. and Kelly, P. and Eikelboom, J. and Jolly, S. S.},
   title = {Colchicine for secondary prevention of vascular events: a meta-analysis of trials},
   journal = {Eur Heart J},
   ISSN = {1522-9645 (Electronic)
0195-668X (Linking)},
   DOI = {10.1093/eurheartj/ehaf210},
   url = {https://www.ncbi.nlm.nih.gov/pubmed/40314334},
   year = {2025},
   type = {Journal Article}
}

@misc{RN7043,
   author = {Lou, Nicole},
   title = {Colchicine Goes Belly-Up in a More Definitive Heart Attack Trial},
   url = {https://www.medpagetoday.com/meetingcoverage/tct/112644?xid=nl_mpt_Cardiology_update_2024-11-01&mh=5ea0ef63b494fbd59d59b80f4d7177fa&zdee=gAAAAABm4utWmSHJnY-b0PoghpwIdJ2Z5bp7pHCJbHd4lnSWdd-TcQH64qhAqr5vStSuTwshVLoWZmIfruyxrtdHQaON6GGWin0MsBBlzSgmQd4CbqGcFWQ%3D&utm_source=Sailthru&utm_medium=email&utm_campaign=Automated%20Specialty%20Update%20Cardiology%20BiWeekly%20FRIDAY%202024-11-01&utm_term=NL_Spec_Cardiology_Update_Active},
   year = {2024},
   type = {Web Page}
}

