@article{RN64,
   author = {Collaboration, C. Reactive Protein Coronary Heart Disease Genetics and Wensley, F. and Gao, P. and Burgess, S. and Kaptoge, S. and Di Angelantonio, E. and Shah, T. and Engert, J. C. and Clarke, R. and Davey-Smith, G. and Nordestgaard, B. G. and Saleheen, D. and Samani, N. J. and Sandhu, M. and Anand, S. and Pepys, M. B. and Smeeth, L. and Whittaker, J. and Casas, J. P. and Thompson, S. G. and Hingorani, A. D. and Danesh, J.},
   title = {Association between C reactive protein and coronary heart disease: mendelian randomisation analysis based on individual participant data},
   journal = {BMJ},
   volume = {342},
   pages = {d548},
   ISSN = {1756-1833 (Electronic)
0959-8138 (Print)
0959-8138 (Linking)},
   DOI = {10.1136/bmj.d548},
   url = {https://www.ncbi.nlm.nih.gov/pubmed/21325005},
   year = {2011},
   type = {Journal Article}
}

@article{RN7656,
   author = {Kaisaier, Wulamiding and Ye, Min and Wu, Zexuan and Liu, Chen and He, Jiangui and Lip, Gregory Y.H. and Chen, Yili and Zhu, Wengen},
   title = {Causal Associations Between Socioeconomic Status, Intelligence, Cognition and Atrial Fibrillation},
   journal = {JACC: Asia},
   volume = {0},
   number = {0},
   DOI = {doi:10.1016/j.jacasi.2025.04.008},
   url = {https://www.jacc.org/doi/abs/10.1016/j.jacasi.2025.04.008},
   type = {Journal Article}
}

