@article{MVIV,
  author = {S. Chris Malaisrie  and Mayra Guerrero  and Charles Davidson  and Mathew Williams  and Fábio Sândoli de Brito  and Alexandre Abizaid  and Pinak Shah  and Tsuyoshi Kaneko  and Karl Poon  and Justin Levisay  and Xiao Yu  and Philippe Pibarot  and Rebecca T. Hahn  and Philipp Blanke  and Martin B. Leon  and Michael J. Mack  and Alan Zajarias  and on behalf of the PARTNER 3 Mitral Valve-in-Valve Study Investigators},
  title = {One-Year Outcomes of Transseptal Mitral Valve-in-Valve in Intermediate Surgical Risk Patients},
  journal = {Circulation: Cardiovascular Interventions},
  volume = {17},
  number = {8},
  pages = {e013782},
  year = {2024},
  doi = {10.1161/CIRCINTERVENTIONS.123.013782},
  URL = {https://www.ahajournals.org/doi/abs/10.1161/CIRCINTERVENTIONS.123.013782},
  eprint = {https://www.ahajournals.org/doi/pdf/10.1161/CIRCINTERVENTIONS.123.013782}}

@article{RN11987,
   author = {Sterne, J. A. C. and Savovic, J. and Page, M. J. and Elbers, R. G. and Blencowe, N. S. and Boutron, I. and Cates, C. J. and Cheng, H. Y. and Corbett, M. S. and Eldridge, S. M. and Emberson, J. R. and Hernan, M. A. and Hopewell, S. and Hrobjartsson, A. and Junqueira, D. R. and Juni, P. and Kirkham, J. J. and Lasserson, T. and Li, T. and McAleenan, A. and Reeves, B. C. and Shepperd, S. and Shrier, I. and Stewart, L. A. and Tilling, K. and White, I. R. and Whiting, P. F. and Higgins, J. P. T.},
   title = {RoB 2: a revised tool for assessing risk of bias in randomised trials},
   journal = {BMJ},
   volume = {366},
   pages = {l4898},
   ISSN = {1756-1833 (Electronic)
0959-8138 (Linking)},
   DOI = {10.1136/bmj.l4898},
   url = {https://www.ncbi.nlm.nih.gov/pubmed/31462531},
   year = {2019},
   type = {Journal Article}
}

@article{RN5184,
   author = {Bassler, D. and Briel, M. and Montori, V. M. and Lane, M. and Glasziou, P. and Zhou, Q. and Heels-Ansdell, D. and Walter, S. D. and Guyatt, G. H. and Group, Stopit- Study and Flynn, D. N. and Elamin, M. B. and Murad, M. H. and Abu Elnour, N. O. and Lampropulos, J. F. and Sood, A. and Mullan, R. J. and Erwin, P. J. and Bankhead, C. R. and Perera, R. and Ruiz Culebro, C. and You, J. J. and Mulla, S. M. and Kaur, J. and Nerenberg, K. A. and Schunemann, H. and Cook, D. J. and Lutz, K. and Ribic, C. M. and Vale, N. and Malaga, G. and Akl, E. A. and Ferreira-Gonzalez, I. and Alonso-Coello, P. and Urrutia, G. and Kunz, R. and Bucher, H. C. and Nordmann, A. J. and Raatz, H. and da Silva, S. A. and Tuche, F. and Strahm, B. and Djulbegovic, B. and Adhikari, N. K. and Mills, E. J. and Gwadry-Sridhar, F. and Kirpalani, H. and Soares, H. P. and Karanicolas, P. J. and Burns, K. E. and Vandvik, P. O. and Coto-Yglesias, F. and Chrispim, P. P. and Ramsay, T.},
   title = {Stopping randomized trials early for benefit and estimation of treatment effects: systematic review and meta-regression analysis},
   journal = {JAMA},
   volume = {303},
   number = {12},
   pages = {1180-7},
   ISSN = {1538-3598 (Electronic)
0098-7484 (Linking)},
   DOI = {10.1001/jama.2010.310},
   url = {https://www.ncbi.nlm.nih.gov/pubmed/20332404},
   year = {2010},
   type = {Journal Article}
}

@article{RN11990,
   author = {Sohns, C. and Fox, H. and Marrouche, N. F. and Crijns, Hjgm and Costard-Jaeckle, A. and Bergau, L. and Hindricks, G. and Dagres, N. and Sossalla, S. and Schramm, R. and Fink, T. and El Hamriti, M. and Moersdorf, M. and Sciacca, V. and Konietschke, F. and Rudolph, V. and Gummert, J. and Tijssen, J. G. P. and Sommer, P. and Investigators, Castle HTx},
   title = {Catheter Ablation in End-Stage Heart Failure with Atrial Fibrillation},
   journal = {N Engl J Med},
   volume = {389},
   number = {15},
   pages = {1380-1389},
   ISSN = {1533-4406 (Electronic)
0028-4793 (Linking)},
   DOI = {10.1056/NEJMoa2306037},
   url = {https://www.ncbi.nlm.nih.gov/pubmed/37634135},
   year = {2023},
   type = {Journal Article}
}

@article{RN11991,
   author = {Schulz, K. F. and Chalmers, I. and Hayes, R. J. and Altman, D. G.},
   title = {Empirical evidence of bias. Dimensions of methodological quality associated with estimates of treatment effects in controlled trials},
   journal = {JAMA},
   volume = {273},
   number = {5},
   pages = {408-12},
   ISSN = {0098-7484 (Print)
0098-7484 (Linking)},
   DOI = {10.1001/jama.273.5.408},
   url = {https://www.ncbi.nlm.nih.gov/pubmed/7823387},
   year = {1995},
   type = {Journal Article}
}

@article{RN5009,
   author = {Goodman, S. N.},
   title = {Toward evidence-based medical statistics. 1: The P value fallacy},
   journal = {Ann Intern Med},
   volume = {130},
   number = {12},
   pages = {995-1004},
   ISSN = {0003-4819 (Print)
0003-4819 (Linking)},
   DOI = {10.7326/0003-4819-130-12-199906150-00008},
   url = {https://www.ncbi.nlm.nih.gov/pubmed/10383371},
   year = {1999},
   type = {Journal Article}
}

@article{RN2640,
   author = {Brophy, J. M. and Joseph, L.},
   title = {Placing trials in context using Bayesian analysis. GUSTO revisited by Reverend Bayes},
   journal = {JAMA},
   volume = {273},
   number = {11},
   pages = {871-5},
   ISSN = {0098-7484 (Print)
0098-7484 (Linking)},
   url = {https://www.ncbi.nlm.nih.gov/pubmed/7869558},
   year = {1995},
   type = {Journal Article}
}



@article{RN4260,
   author = {Brophy, J. M.},
   title = {Bayesian Interpretation of the EXCEL Trial and Other Randomized Clinical Trials of Left Main Coronary Artery Revascularization},
   journal = {JAMA Intern Med},
   volume = {180},
   number = {7},
   pages = {986-992},
   ISSN = {2168-6114 (Electronic)
2168-6106 (Linking)},
   DOI = {10.1001/jamainternmed.2020.1647},
   url = {https://www.ncbi.nlm.nih.gov/pubmed/32478838},
   year = {2020},
   type = {Journal Article}
}

@article{RN4984,
   author = {Zampieri, F. G. and Casey, J. D. and Shankar-Hari, M. and Harrell, F. E., Jr. and Harhay, M. O.},
   title = {Using Bayesian Methods to Augment the Interpretation of Critical Care Trials. An Overview of Theory and Example Reanalysis of the Alveolar Recruitment for Acute Respiratory Distress Syndrome Trial},
   journal = {Am J Respir Crit Care Med},
   volume = {203},
   number = {5},
   pages = {543-552},
   ISSN = {1535-4970 (Electronic)},
   DOI = {10.1164/rccm.202006-2381CP},
   url = {https://www.ncbi.nlm.nih.gov/pubmed/33270526},
   year = {2021},
   type = {Journal Article}
}



@article{RN4394,
   author = {Brophy, J. M.},
   title = {Bayesian Analyses of Cardiovascular Trials-Bringing Added Value to the Table},
   journal = {Can J Cardiol},
   volume = {37},
   number = {9},
   pages = {1415-1427},
   ISSN = {1916-7075 (Electronic)
0828-282X (Linking)},
   DOI = {10.1016/j.cjca.2021.03.014},
   url = {https://www.ncbi.nlm.nih.gov/pubmed/33775879},
   year = {2021},
   type = {Journal Article}
}

@misc{RN11992,
   author = {Harrell, F},
   title = {Biostatistics for Biomedical Research - Chapter 22 Controlling α vs. Probability of a Decision Error},
   number = {Dec 14 2023},
   url = {https://hbiostat.org/bbr/alpha#sequential-data-look-multiplicity-non-issues-with-bayes},
   year = {2023},
   type = {Web Page}
}

@article{RN3572,
   author = {Brophy, J. M. and Joseph, L.},
   title = {Bayesian interim statistical analysis of randomised trials},
   journal = {Lancet},
   volume = {349},
   number = {9059},
   pages = {1166-8},
   ISSN = {0140-6736 (Print)
0140-6736 (Linking)},
   DOI = {10.1016/S0140-6736(96)06377-5},
   url = {https://www.ncbi.nlm.nih.gov/pubmed/9113025},
   year = {1997},
   type = {Journal Article}
}

@article{RN12017,
   author = {Butala, N. M. and Makkar, R. and Secemsky, E. A. and Gallup, D. and Marquis-Gravel, G. and Kosinski, A. S. and Vemulapalli, S. and Valle, J. A. and Bradley, S. M. and Chakravarty, T. and Yeh, R. W. and Cohen, D. J.},
   title = {Cerebral Embolic Protection and Outcomes of Transcatheter Aortic Valve Replacement: Results From the Transcatheter Valve Therapy Registry},
   journal = {Circulation},
   volume = {143},
   number = {23},
   pages = {2229-2240},
   ISSN = {1524-4539 (Electronic)
0009-7322 (Print)
0009-7322 (Linking)},
   DOI = {10.1161/CIRCULATIONAHA.120.052874},
   url = {https://www.ncbi.nlm.nih.gov/pubmed/33619968},
   year = {2021},
   type = {Journal Article}
}

@article{RN12019,
   author = {Kapadia, S. R. and Makkar, R. and Leon, M. and Abdel-Wahab, M. and Waggoner, T. and Massberg, S. and Rottbauer, W. and Horr, S. and Sondergaard, L. and Karha, J. and Gooley, R. and Satler, L. and Stoler, R. C. and Messe, S. R. and Baron, S. J. and Seeger, J. and Kodali, S. and Krishnaswamy, A. and Thourani, V. H. and Harrington, K. and Pocock, S. and Modolo, R. and Allocco, D. J. and Meredith, I. T. and Linke, A. and Investigators, Protected Tavr},
   title = {Cerebral Embolic Protection during Transcatheter Aortic-Valve Replacement},
   journal = {N Engl J Med},
   volume = {387},
   number = {14},
   pages = {1253-1263},
   ISSN = {1533-4406 (Electronic)
0028-4793 (Linking)},
   DOI = {10.1056/NEJMoa2204961},
   url = {https://www.ncbi.nlm.nih.gov/pubmed/36121045},
   year = {2022},
   type = {Journal Article}
}



