@article{RN12215,
   author = {Jorgensen, T. H. and Thyregod, H. G. H. and Savontaus, M. and Willemen, Y. and Bleie, O. and Tang, M. and Niemela, M. and Angeras, O. and Gudmundsdottir, I. J. and Sartipy, U. and Dagnegaard, H. and Laine, M. and Ruck, A. and Piuhola, J. and Petursson, P. and Christiansen, E. H. and Malmberg, M. and Olsen, P. S. and Haaverstad, R. and Sondergaard, L. and De Backer, O. and investigators, Notion-},
   title = {Transcatheter Aortic Valve Implantation in Low-Risk Tricuspid or Bicuspid Aortic Stenosis: The NOTION-2 Trial},
   journal = {Eur Heart J},
   ISSN = {1522-9645 (Electronic)
0195-668X (Linking)},
   DOI = {10.1093/eurheartj/ehae331},
   url = {https://www.ncbi.nlm.nih.gov/pubmed/38747246},
   year = {2024},
   type = {Journal Article}
}

@article{RN12217,
   author = {Blankenberg, S. and Seiffert, M. and Vonthein, R. and Baumgartner, H. and Bleiziffer, S. and Borger, M. A. and Choi, Y. H. and Clemmensen, P. and Cremer, J. and Czerny, M. and Diercks, N. and Eitel, I. and Ensminger, S. and Frank, D. and Frey, N. and Hagendorff, A. and Hagl, C. and Hamm, C. and Kappert, U. and Karck, M. and Kim, W. K. and Konig, I. R. and Krane, M. and Landmesser, U. and Linke, A. and Maier, L. S. and Massberg, S. and Neumann, F. J. and Reichenspurner, H. and Rudolph, T. K. and Schmid, C. and Thiele, H. and Twerenbold, R. and Walther, T. and Westermann, D. and Xhepa, E. and Ziegler, A. and Falk, V. and Investigators, Dedicate-Dzhk Trial},
   title = {Transcatheter or Surgical Treatment of Aortic-Valve Stenosis},
   journal = {N Engl J Med},
   volume = {390},
   number = {17},
   pages = {1572-1583},
   ISSN = {1533-4406 (Electronic)
0028-4793 (Linking)},
   DOI = {10.1056/NEJMoa2400685},
   url = {https://www.ncbi.nlm.nih.gov/pubmed/38588025},
   year = {2024},
   type = {Journal Article}
}

@article{doi:10.1056/NEJMoa2307447,
author = {Michael J. Mack  and Martin B. Leon  and Vinod H. Thourani  and Philippe Pibarot  and Rebecca T. Hahn  and Philippe Genereux  and Susheel K. Kodali  and Samir R. Kapadia  and David J. Cohen  and Stuart J. Pocock  and Michael Lu  and Roseann White  and Molly Szerlip  and Julien Ternacle  and S. Chris Malaisrie  and Howard C. Herrmann  and Wilson Y. Szeto  and Mark J. Russo  and Vasilis Babaliaros  and Craig R. Smith  and Philipp Blanke  and John G. Webb  and Raj Makkar },
title = {Transcatheter Aortic-Valve Replacement in Low-Risk Patients at Five Years},
journal = {New England Journal of Medicine},
volume = {389},
number = {21},
pages = {1949-1960},
year = {2023},
doi = {10.1056/NEJMoa2307447},

URL = {https://www.nejm.org/doi/full/10.1056/NEJMoa2307447},
eprint = {https://www.nejm.org/doi/pdf/10.1056/NEJMoa2307447}
,
    abstract = { Among patients at low surgical risk who underwent TAVR or surgery, there was no apparent difference between groups in the incidence of the composite end point of death, stroke, or rehospitalization at 5 years. }
}

@article{RN12219,
   author = {Thyregod, H. G. H. and Jorgensen, T. H. and Ihlemann, N. and Steinbruchel, D. A. and Nissen, H. and Kjeldsen, B. J. and Petursson, P. and De Backer, O. and Olsen, P. S. and Sondergaard, L.},
   title = {Transcatheter or surgical aortic valve implantation: 10-year outcomes of the NOTION trial},
   journal = {Eur Heart J},
   volume = {45},
   number = {13},
   pages = {1116-1124},
   ISSN = {1522-9645 (Electronic)
0195-668X (Print)
0195-668X (Linking)},
   DOI = {10.1093/eurheartj/ehae043},
   url = {https://www.ncbi.nlm.nih.gov/pubmed/38321820},
   year = {2024},
   type = {Journal Article}
}

@article{doi:10.1016/j.jacc.2023.09.813,
author = {John K. Forrest  and G. Michael Deeb  and Steven J. Yakubov  and Hemal Gada  and Mubashir A. Mumtaz  and Basel Ramlawi  and Tanvir Bajwa  and Paul S. Teirstein  and Didier Tchétché  and Jian Huang  and Michael J. Reardon  and null null },
title = {4-Year Outcomes of Patients With Aortic Stenosis in the Evolut Low Risk Trial},
journal = {Journal of the American College of Cardiology},
volume = {82},
number = {22},
pages = {2163-2165},
year = {2023},
doi = {10.1016/j.jacc.2023.09.813},

URL = {https://www.jacc.org/doi/abs/10.1016/j.jacc.2023.09.813},
eprint = {https://www.jacc.org/doi/pdf/10.1016/j.jacc.2023.09.813}

}

@article{RN12222,
   author = {Forrest, John K. and Deeb, G. Michael and Yakubov, Steven J. and Gada, Hemal and Mumtaz, Mubashir A. and Ramlawi, Basel and Bajwa, Tanvir and Teirstein, Paul S. and DeFrain, Michael and Muppala, Murali and Rutkin, Bruce J. and Chawla, Atul and Jenson, Bart and Chetcuti, Stanley J. and Stoler, Robert C. and Poulin, Marie-France and Khabbaz, Kamal and Levack, Melissa and Goel, Kashish and Tchétché, Didier and Lam, Ka Yan and Tonino, Pim A. L. and Ito, Saki and Oh, Jae K. and Huang, Jian and Popma, Jeffrey J. and Kleiman, Neal and Reardon, Michael J. and Sorajja, Paul and Byrne, Timothy and Kirshner, Merick and Bajwa, Tanvir and Crouch, John and Coselli, Joseph and Silva, Guilherme and Hebeler, Robert and Stoler, Robert and Islam, Ashequl and Rousou, Anthony and Poulin, Marie-France and Khabbaz, Kamal and Bladergroen, Mark and Fail, Peter and Netherland, Donald and Lam, Ka Yan and Tonino, W. A. L. and Sudre, Arnaud and Berthoumieu, Pierre and Tchétché, Didier and Khalili, Houman and Hughes, G. Chad and Harrison, J. Kevin and De, Ajanta and Tsau, Pei and van Mieghem, Nicolas M. and Larbalestier, Robert and Yong, Gerald and Agarwal, Shikhar and Martin, William and Park, Steven and Kleiman, Neal and Reardon, Michael and Mohammadi, Siamak and Rodes-Cabau, Josep and Sparling, Jeffrey and Elkins, C. Craig and Ganzel, Brian and Matthews, Ray V. and Starnes, Vaughn A. and Ando, Kenji and Chevalier, Bernard and Farge, Arnaud and DeFrain, Michael and Muppala, Murali and Combs, William and Bagur, Rodrigo and Chu, Michael and Fontana, Gregory and Dev, Visha and Leya, Ferdinand and Tuchek, J. Michael and Inglessis, Ignacio and Jassar, Arminder and Piazza, Nicolo and Lacappelle, Kevin and Steinberg, Daniel and Katz, Marc and Wang, John and Kozina, Joseph and Slachman, Frank and Merritt, Robert and Chawla, Atul and Jensen, Bart and Alvarez, Jorge and Gooley, Robert and Smith, Julian and Ibrahim, Reda and Cartier, Raymond and Rovin, Joshua and Fujita, Tomoyuki and others },
   title = {3-Year Outcomes After Transcatheter or Surgical Aortic Valve Replacement in Low-Risk Patients With Aortic Stenosis},
   journal = {Journal of the American College of Cardiology},
   volume = {81},
   number = {17},
   pages = {1663-1674},
   ISSN = {0735-1097},
   DOI = {https://doi.org/10.1016/j.jacc.2023.02.017},
   url = {https://www.sciencedirect.com/science/article/pii/S0735109723004114},
   year = {2023},
   type = {Journal Article}
}

@article{RN4395,
   author = {Altman, D. G. and Bland, J. M.},
   title = {Absence of evidence is not evidence of absence},
   journal = {BMJ},
   volume = {311},
   number = {7003},
   pages = {485},
   ISSN = {0959-8138 (Print)
1468-5833 (Electronic)
0959-8138 (Linking)},
   DOI = {10.1136/bmj.311.7003.485},
   url = {https://www.ncbi.nlm.nih.gov/pubmed/7647644},
   year = {1995},
   type = {Journal Article}
}

@article{RN3995,
   author = {Wasserstein, RL. and Lazar, NA.},
   title = {The ASA's Statement on p-Values: Context, Process, and Purpose,},
   journal = {The American Statistician},
   volume = {70:2},
   pages = {129-133},
   year = {2016},
   type = {Journal Article}
}

@article{RN5017,
   author = {Wasserstein, RL. and Schirm, AL. and Lazar, NA.},
   title = {Moving to a World Beyond “p < 0.05”},
   journal = {The American Statistician},
   volume = {73},
   pages = {1-19},
   year = {2019},
   type = {Journal Article}
}

@article{RN12229,
   author = {Linde, Maximilian and Tendeiro, Jorge N. and van Ravenzwaaij, Don},
   title = {Bayes Factors for Two-group Comparisons in Cox Regression},
   journal = {medRxiv},
   pages = {2022.11.02.22281762},
   DOI = {10.1101/2022.11.02.22281762},
   url = {https://www.medrxiv.org/content/medrxiv/early/2022/11/07/2022.11.02.22281762.full.pdf},
   year = {2022},
   type = {Journal Article}
}

@Manual{baymedr,
    title = {baymedr: Computation of Bayes Factors for Common Biomedical Designs},
    author = {Maximilian Linde and Don {van Ravenzwaaij} and Jorge N. Tendeiro},
    year = {2022},
    note = {R package version 0.1.1.9000, commit 804030128ed093cf09fbaeb52eb84a2cddc40110},
    url = {https://github.com/maxlinde/baymedr},
  }

@Manual{bf,
    title = {BayesFactor: Computation of Bayes Factors for Common Designs},
    author = {Richard D. Morey and Jeffrey N. Rouder},
    year = {2024},
    note = {R package version 0.9.12-4.7},
    url = {https://CRAN.R-project.org/package=BayesFactor},
 }
 
@Manual{R,
    title = {R: A Language and Environment for Statistical Computing},
    author = {{R Core Team}},
    organization = {R Foundation for Statistical Computing},
    address = {Vienna, Austria},
    year = {2024},
    url = {https://www.R-project.org/}
  }

@Manual{RStudio, 
    title = {RStudio: Integrated Development Environment for R},
    author = {{RStudio Team}}, 
    organization = {RStudio, PBC.}, 
    address = {Boston, MA}, year = {2020},
  url = {http://www.rstudio.com/} 
  }

